<record><leader>00000cas a2200000 a 4500</leader><controlfield tag="001">4798911</controlfield><controlfield tag="008">790330d19751981dcudr ne      0   a0eng c</controlfield><datafield ind1=" " ind2=" " tag="010"><subfield code="a">sn 79002331 </subfield></datafield><datafield ind1=" " ind2=" " tag="040"><subfield code="a">NSD</subfield><subfield code="b">eng</subfield><subfield code="c">NSD</subfield><subfield code="d">NPW</subfield><subfield code="d">DLC</subfield><subfield code="d">YOX</subfield><subfield code="d">DLC</subfield><subfield code="d">YOX</subfield><subfield code="d">MFN</subfield><subfield code="d">CNW</subfield><subfield code="d">NVF</subfield><subfield code="d">DCN</subfield><subfield code="d">DLC</subfield><subfield code="d">OCLCQ</subfield><subfield code="d">UKMGB</subfield><subfield code="d">OCLCF</subfield><subfield code="d">OCLCO</subfield></datafield><datafield ind1=" " ind2=" " tag="012"><subfield code="k">1</subfield><subfield code="m">d</subfield></datafield><datafield ind1="7" ind2=" " tag="016"><subfield code="a">013890098</subfield><subfield code="2">Uk</subfield></datafield><datafield ind1="0" ind2=" " tag="022"><subfield code="a">0191-1406</subfield><subfield code="l">0191-1406</subfield><subfield code="2">1</subfield></datafield><datafield ind1=" " ind2=" " tag="042"><subfield code="a">nsdp</subfield><subfield code="a">pcc</subfield></datafield><datafield ind1=" " ind2=" " tag="043"><subfield code="a">n-us-dc</subfield></datafield><datafield ind1="0" ind2="0" tag="050"><subfield code="a">Newspaper</subfield></datafield><datafield ind1="0" ind2=" " tag="130"><subfield code="a">Washington star (Washington, D.C. : 1975)</subfield></datafield><datafield ind1=" " ind2="4" tag="222"><subfield code="a">The Washington star</subfield></datafield><datafield ind1="0" ind2="0" tag="245"><subfield code="a">Washington star.</subfield></datafield><datafield ind1="1" ind2=" " tag="246"><subfield code="i">Published on Sunday as:</subfield><subfield code="a">Sunday star</subfield></datafield><datafield ind1=" " ind2=" " tag="260"><subfield code="a">Washington, D.C. :</subfield><subfield code="b">Evening Star Newspaper Co.,</subfield><subfield code="c">1975-1981.</subfield></datafield><datafield ind1=" " ind2=" " tag="300"><subfield code="a">v.</subfield></datafield><datafield ind1=" " ind2=" " tag="310"><subfield code="a">Daily</subfield></datafield><datafield ind1="0" ind2=" " tag="362"><subfield code="a">Vol. 123 (Mar. 7, 1975)-v. 128 (Dec. 31, 1980); new ser. v. 129, no. 1 (Jan. 1, 1981)-129th year, no. 219 (Aug. 7, 1981).</subfield></datafield><datafield ind1=" " ind2=" " tag="515"><subfield code="a">Mar. 7, 1975-Dec. 31, 1980 have no issue numbers.</subfield></datafield><datafield ind1=" " ind2=" " tag="530"><subfield code="a">Also available on microfilm from the Library of Congress Photoduplication Service.</subfield></datafield><datafield ind1=" " ind2="0" tag="651"><subfield code="a">Washington (D.C.)</subfield><subfield code="v">Newspapers.</subfield></datafield><datafield ind1=" " ind2="7" tag="655"><subfield code="a">Newspapers.</subfield><subfield code="2">fast</subfield><subfield code="0">(OCoLC)fst01423814</subfield></datafield><datafield ind1=" " ind2="7" tag="651"><subfield code="a">Washington (D.C.)</subfield><subfield code="2">fast</subfield><subfield code="0">(OCoLC)fst01204505</subfield></datafield><datafield ind1=" " ind2=" " tag="752"><subfield code="a">United States</subfield><subfield code="b">District of Columbia</subfield><subfield code="d">Washington.</subfield></datafield><datafield ind1="0" ind2="0" tag="780"><subfield code="t">Washington star and daily news</subfield><subfield code="w">(DLC)sn 84020102</subfield></datafield></record>